@book{forsyth2002computer,
	title={Computer vision: a modern approach},
	author={Forsyth, David A and Ponce, Jean},
	year={2002},
	publisher={Prentice Hall Professional Technical Reference}
}